
<marc:record><marc:leader>03649cam a2200589 i 4500</marc:leader>
<marc:controlfield tag="001">001111790</marc:controlfield>
<marc:controlfield tag="005">20191231111232.0</marc:controlfield><marc:controlfield tag="006">m     o  d f      </marc:controlfield><marc:controlfield tag="007">cr |||||||||||</marc:controlfield><marc:controlfield tag="008">191216s2019    dcu     o    f000 0 eng c</marc:controlfield><marc:datafield tag="024" ind1="8" ind2=" "><marc:subfield code="a">38-304</marc:subfield><marc:subfield code="q">(GPO jacket number)</marc:subfield></marc:datafield><marc:datafield tag="035" ind1=" " ind2=" "><marc:subfield code="a">(OCoLC)1131699354</marc:subfield></marc:datafield><marc:datafield tag="040" ind1=" " ind2=" "><marc:subfield code="a">GPO</marc:subfield><marc:subfield code="b">eng</marc:subfield><marc:subfield code="e">rda</marc:subfield><marc:subfield code="e">pn</marc:subfield><marc:subfield code="c">GPO</marc:subfield><marc:subfield code="d">GPO</marc:subfield></marc:datafield><marc:datafield tag="042" ind1=" " ind2=" "><marc:subfield code="a">pcc</marc:subfield></marc:datafield><marc:datafield tag="043" ind1=" " ind2=" "><marc:subfield code="a">n-us---</marc:subfield></marc:datafield><marc:datafield tag="050" ind1=" " ind2="4"><marc:subfield code="a">KF27</marc:subfield><marc:subfield code="b">.O963 2019e</marc:subfield></marc:datafield><marc:datafield tag="074" ind1=" " ind2=" "><marc:subfield code="a">1016-C (online)</marc:subfield></marc:datafield><marc:datafield tag="086" ind1="0" ind2=" "><marc:subfield code="a">Y 4.OV 2:116-67</marc:subfield></marc:datafield><marc:datafield tag="088" ind1=" " ind2=" "><marc:subfield code="a">Serial no. 116-67 (United States. Congress. House. Committee on Oversight and Reform)</marc:subfield></marc:datafield><marc:datafield tag="110" ind1="1" ind2=" "><marc:subfield code="a">United States.</marc:subfield><marc:subfield code="b">Congress.</marc:subfield><marc:subfield code="b">House.</marc:subfield><marc:subfield code="b">Committee on Oversight and Reform.</marc:subfield><marc:subfield code="b">Subcommittee on Civil Rights and Civil Liberties,</marc:subfield><marc:subfield code="e">author.</marc:subfield></marc:datafield><marc:datafield tag="245" ind1="1" ind2="0"><marc:subfield code="a">Examining the oil industry's efforts to suppress the truth about climate change :</marc:subfield><marc:subfield code="b">hearing before the Subcommittee on Civil Rights and Civil Liberties of the Committee on Oversight and Reform, House of Representatives, One Hundred Sixteenth Congress, first session, October 23, 2019.</marc:subfield></marc:datafield><marc:datafield tag="264" ind1=" " ind2="1"><marc:subfield code="a">Washington :</marc:subfield><marc:subfield code="b">U.S. Government Publishing Office,</marc:subfield><marc:subfield code="c">2019.</marc:subfield></marc:datafield><marc:datafield tag="300" ind1=" " ind2=" "><marc:subfield code="a">1 online resource (iii, 46 pages)</marc:subfield></marc:datafield><marc:datafield tag="336" ind1=" " ind2=" "><marc:subfield code="a">text</marc:subfield><marc:subfield code="b">txt</marc:subfield><marc:subfield code="2">rdacontent</marc:subfield></marc:datafield><marc:datafield tag="337" ind1=" " ind2=" "><marc:subfield code="a">computer</marc:subfield><marc:subfield code="b">c</marc:subfield><marc:subfield code="2">rdamedia</marc:subfield></marc:datafield><marc:datafield tag="338" ind1=" " ind2=" "><marc:subfield code="a">online resource</marc:subfield><marc:subfield code="b">cr</marc:subfield><marc:subfield code="2">rdacarrier</marc:subfield></marc:datafield><marc:datafield tag="500" ind1=" " ind2=" "><marc:subfield code="a">&quot;Serial no. 116-67.&quot;</marc:subfield></marc:datafield><marc:datafield tag="500" ind1=" " ind2=" "><marc:subfield code="a">Access ID (govinfo): CHRG-116hhrg38304.</marc:subfield></marc:datafield><marc:datafield tag="511" ind1="0" ind2=" "><marc:subfield code="a">Hearing witnesses: Dr. Martin Hoffert, Former Exxon Consultant, Professor Emeritus, Physics, New York University; Dr. Ed Garvey, Former Exxon Scientist; Dr. Naomi Oreskes, Professor, History of Science, Affiliated Professor, Earth and Planetary Sciences, Harvard University; Ms. Sharon Eubanks, Of Counsel, Henderson Law Firm, PLLC; Dr. Mustafa Ali, Vice President, Environmental Justice, Climate and Community Revitalization, National Wildlife Federation; Ms. Mandy Gunasekara, Founder, Energy 45, Senior Fellow, Life: Powered Project.</marc:subfield></marc:datafield><marc:datafield tag="518" ind1=" " ind2=" "><marc:subfield code="a">Date of hearing: 2019-10-23.</marc:subfield></marc:datafield><marc:datafield tag="588" ind1=" " ind2=" "><marc:subfield code="a">Description based on online resource; title from PDF title page (govinfo, viewed Dec. 13, 2019).</marc:subfield></marc:datafield><marc:datafield tag="650" ind1=" " ind2="0"><marc:subfield code="a">Petroleum industry and trade</marc:subfield><marc:subfield code="x">Environmental aspects</marc:subfield><marc:subfield code="z">United States.</marc:subfield></marc:datafield><marc:datafield tag="650" ind1=" " ind2="0"><marc:subfield code="a">Petroleum industry and trade</marc:subfield><marc:subfield code="x">Corrupt practices</marc:subfield><marc:subfield code="z">United States.</marc:subfield></marc:datafield><marc:datafield tag="610" ind1="2" ind2="0"><marc:subfield code="a">Exxon Corporation</marc:subfield><marc:subfield code="x">Corrupt practices</marc:subfield><marc:subfield code="z">United States.</marc:subfield></marc:datafield><marc:datafield tag="610" ind1="2" ind2="0"><marc:subfield code="a">Exxon Corporation</marc:subfield><marc:subfield code="x">Public relations</marc:subfield><marc:subfield code="z">United States.</marc:subfield></marc:datafield><marc:datafield tag="650" ind1=" " ind2="0"><marc:subfield code="a">Disclosure of information</marc:subfield><marc:subfield code="z">United States.</marc:subfield></marc:datafield><marc:datafield tag="650" ind1=" " ind2="0"><marc:subfield code="a">Social responsibility of business</marc:subfield><marc:subfield code="z">United States.</marc:subfield></marc:datafield><marc:datafield tag="650" ind1=" " ind2="0"><marc:subfield code="a">Energy consumption</marc:subfield><marc:subfield code="x">Climatic factors</marc:subfield><marc:subfield code="z">United States</marc:subfield><marc:subfield code="x">Forecasting.</marc:subfield></marc:datafield><marc:datafield tag="650" ind1=" " ind2="0"><marc:subfield code="a">Climatic changes</marc:subfield><marc:subfield code="z">United States</marc:subfield><marc:subfield code="x">Forecasting.</marc:subfield></marc:datafield><marc:datafield tag="650" ind1=" " ind2="0"><marc:subfield code="a">Environmental justice</marc:subfield><marc:subfield code="z">United States.</marc:subfield></marc:datafield><marc:datafield tag="655" ind1=" " ind2="7"><marc:subfield code="a">Legislative hearings.</marc:subfield><marc:subfield code="2">lcgft</marc:subfield></marc:datafield><marc:datafield tag="776" ind1="0" ind2="8"><marc:subfield code="i">Print version:</marc:subfield><marc:subfield code="a">United States. Congress. House. Committee on Oversight and Reform. Subcommittee on Civil Rights and Civil Liberties.</marc:subfield><marc:subfield code="t">Examining the oil industry's efforts to suppress the truth about climate change</marc:subfield><marc:subfield code="w">(OCoLC)1131721409</marc:subfield></marc:datafield><marc:datafield tag="856" ind1="4" ind2="0"><marc:subfield code="3">PDF version</marc:subfield><marc:subfield code="u">https://purl.fdlp.gov/GPO/gpo129693</marc:subfield></marc:datafield><marc:datafield tag="856" ind1="4" ind2="0"><marc:subfield code="3">Text version</marc:subfield><marc:subfield code="u">https://purl.fdlp.gov/GPO/gpo129694</marc:subfield></marc:datafield><marc:datafield tag="856" ind1="4" ind2=" "><marc:subfield code="z">Address at time of PURL creation</marc:subfield><marc:subfield code="3">PDF version</marc:subfield><marc:subfield code="u">https://www.govinfo.gov/content/pkg/CHRG-116hhrg38304/pdf/CHRG-116hhrg38304.pdf</marc:subfield></marc:datafield><marc:datafield tag="856" ind1="4" ind2=" "><marc:subfield code="z">Address at time of PURL creation</marc:subfield><marc:subfield code="3">Text version</marc:subfield><marc:subfield code="u">https://www.govinfo.gov/content/pkg/CHRG-116hhrg38304/html/CHRG-116hhrg38304.htm</marc:subfield></marc:datafield><marc:datafield tag="856" ind1="4" ind2="2"><marc:subfield code="z">Documents entered into the record</marc:subfield><marc:subfield code="u">https://docs.house.gov/Committee/Calendar/ByEvent.aspx?EventID=110126</marc:subfield></marc:datafield><marc:datafield tag="994" ind1=" " ind2=" "><marc:subfield code="a">C0</marc:subfield><marc:subfield code="b">GPO</marc:subfield></marc:datafield><marc:datafield tag="049" ind1=" " ind2=" "><marc:subfield code="a">GPOO</marc:subfield></marc:datafield><marc:datafield tag="955" ind1=" " ind2=" "><marc:subfield code="a">bc81 20191231</marc:subfield></marc:datafield><marc:datafield tag="922" ind1=" " ind2=" "><marc:subfield code="a">GOVINFOHRG</marc:subfield></marc:datafield><marc:datafield tag="955" ind1=" " ind2=" "><marc:subfield code="a">bc81 20191216</marc:subfield><marc:subfield code="b">20191216</marc:subfield></marc:datafield></marc:record>