
<marc:record><marc:leader>01669nam a2200421 i 4500</marc:leader>
<marc:controlfield tag="001">001114096</marc:controlfield>
<marc:controlfield tag="005">20200203105527.0</marc:controlfield><marc:controlfield tag="006">m     o  d f      </marc:controlfield><marc:controlfield tag="007">cr |||||||||||</marc:controlfield><marc:controlfield tag="008">200203s2019    mdua    o    f000 0 eng c</marc:controlfield><marc:datafield tag="035" ind1=" " ind2=" "><marc:subfield code="a">(OCoLC)1138883582</marc:subfield></marc:datafield><marc:datafield tag="040" ind1=" " ind2=" "><marc:subfield code="a">GPO</marc:subfield><marc:subfield code="b">eng</marc:subfield><marc:subfield code="e">rda</marc:subfield><marc:subfield code="e">pn</marc:subfield><marc:subfield code="c">GPO</marc:subfield></marc:datafield><marc:datafield tag="042" ind1=" " ind2=" "><marc:subfield code="a">pcc</marc:subfield></marc:datafield><marc:datafield tag="043" ind1=" " ind2=" "><marc:subfield code="a">n-us---</marc:subfield></marc:datafield><marc:datafield tag="074" ind1=" " ind2=" "><marc:subfield code="a">0068-E-01 (online)</marc:subfield></marc:datafield><marc:datafield tag="086" ind1="0" ind2=" "><marc:subfield code="a">A 112.15:C 76/5/2019</marc:subfield></marc:datafield><marc:datafield tag="245" ind1="0" ind2="0"><marc:subfield code="a">Conservation Reserve Program.</marc:subfield></marc:datafield><marc:datafield tag="250" ind1=" " ind2=" "><marc:subfield code="a">[2019 edition].</marc:subfield></marc:datafield><marc:datafield tag="264" ind1=" " ind2="1"><marc:subfield code="a">[Beltsville, Md.] :</marc:subfield><marc:subfield code="b">United States Department of Agriculture, Farm Service Agency,</marc:subfield><marc:subfield code="c">2019.</marc:subfield></marc:datafield><marc:datafield tag="300" ind1=" " ind2=" "><marc:subfield code="a">1 online resource (2 pages) :</marc:subfield><marc:subfield code="b">one color illustration.</marc:subfield></marc:datafield><marc:datafield tag="336" ind1=" " ind2=" "><marc:subfield code="a">text</marc:subfield><marc:subfield code="b">txt</marc:subfield><marc:subfield code="2">rdacontent</marc:subfield></marc:datafield><marc:datafield tag="337" ind1=" " ind2=" "><marc:subfield code="a">computer</marc:subfield><marc:subfield code="b">c</marc:subfield><marc:subfield code="2">rdamedia</marc:subfield></marc:datafield><marc:datafield tag="338" ind1=" " ind2=" "><marc:subfield code="a">online resource</marc:subfield><marc:subfield code="b">cr</marc:subfield><marc:subfield code="2">rdacarrier</marc:subfield></marc:datafield><marc:datafield tag="490" ind1="1" ind2=" "><marc:subfield code="a">Fact sheet</marc:subfield></marc:datafield><marc:datafield tag="500" ind1=" " ind2=" "><marc:subfield code="a">&quot;December 2019.&quot;</marc:subfield></marc:datafield><marc:datafield tag="588" ind1=" " ind2=" "><marc:subfield code="a">Description based on online resource; title from PDF caption (FSA, viewed January 7, 2020).</marc:subfield></marc:datafield><marc:datafield tag="610" ind1="2" ind2="0"><marc:subfield code="a">Conservation Reserve Program (U.S.)</marc:subfield></marc:datafield><marc:datafield tag="650" ind1=" " ind2="0"><marc:subfield code="a">Conservation projects (Natural resources)</marc:subfield><marc:subfield code="x">Economic aspects</marc:subfield><marc:subfield code="z">United States.</marc:subfield></marc:datafield><marc:datafield tag="650" ind1=" " ind2="0"><marc:subfield code="a">Conservation of natural resources</marc:subfield><marc:subfield code="x">Economic aspects</marc:subfield><marc:subfield code="z">United States.</marc:subfield></marc:datafield><marc:datafield tag="650" ind1=" " ind2="0"><marc:subfield code="a">Agricultural subsidies</marc:subfield><marc:subfield code="z">United States.</marc:subfield></marc:datafield><marc:datafield tag="710" ind1="1" ind2=" "><marc:subfield code="a">United States.</marc:subfield><marc:subfield code="b">Farm Service Agency,</marc:subfield><marc:subfield code="e">issuing body.</marc:subfield></marc:datafield><marc:datafield tag="830" ind1=" " ind2="0"><marc:subfield code="a">Fact sheet (United States. Farm Service Agency)</marc:subfield></marc:datafield><marc:datafield tag="856" ind1="4" ind2="0"><marc:subfield code="u">https://purl.fdlp.gov/GPO/gpo131211</marc:subfield></marc:datafield><marc:datafield tag="856" ind1="4" ind2=" "><marc:subfield code="z">Address at time of PURL creation</marc:subfield><marc:subfield code="u">https://www.fsa.usda.gov/Assets/USDA-FSA-Public/usdafiles/FactSheets/2019/conservation-reserve_program-fact_sheet.pdf</marc:subfield></marc:datafield><marc:datafield tag="994" ind1=" " ind2=" "><marc:subfield code="a">C0</marc:subfield><marc:subfield code="b">GPO</marc:subfield></marc:datafield><marc:datafield tag="049" ind1=" " ind2=" "><marc:subfield code="a">XZL4</marc:subfield></marc:datafield><marc:datafield tag="922" ind1=" " ind2=" "><marc:subfield code="a">BIBCONEW</marc:subfield></marc:datafield><marc:datafield tag="955" ind1=" " ind2=" "><marc:subfield code="a">bc53 20200203</marc:subfield><marc:subfield code="b">20200203</marc:subfield></marc:datafield></marc:record>